@Article{armstrong,
author={{Armstrong}, R. P. and {Fender}, R.~P. and {Nicolson}, G.~D. and {Ratcliffe}, S. and {Linares}, M. and {Horrell}, J. and {Richter}, L. and {Schurch}, M.~P.~E. and {Coriat}, M. and {Woudt}, P. and  {Jonas}, J. and {Booth}, R. and {Fanaroff}, B.},
title = "{A return to strong radio flaring by Circinus X-1 observed with the Karoo Array Telescope test array KAT-7}",
journal = {MNRAS},
year = 2013,
volume  = 433,
page = 1951
}

@article{bf74,
author = {{Backer}, D.~C. and {Fisher}, J.~R.},
title = "{Pulsar Flux-Density Spectra}",
journal = {ApJ},
year = 1974,
month = apr,
volume = 189,
pages = {137-146}
}



@ARTICLE{bhat,
   author = {{Bhatnagar}, S. and {Rau}, U. and {Golap}, K.},
    title = "{Wide-field wide-band Interferometric Imaging: The WB A-Projection and Hybrid Algorithms}",
  journal = {ApJ},
     year = 2013,
    month = jun,
   volume = 770,
    pages = {91},
}

@article{bull,
author = {{Bull}, P. and {Ferreira}, P.~G. and {Patel}, P. and {Santos}, M.~G. },
title          = "{Late-time cosmology with 21cm intensity mapping experiments}",
journal = {ArXiv e-prints},
year = 2014,
month = may,
EPRINT = "1405.1452",
url = {http://arxiv.org/abs/1405.1452},
archivePrefix  = "arXiv",
primaryClass   = "astro-ph.CO",
}


@ARTICLE{carignan,
   author = {{Carignan}, C. and {Frank}, B.~S. and {Hess}, K.~M. and {Lucero}, D.~M. and 
	{Randriamampandry}, T.~H. and {Goedhart}, S. and {Passmoor}, S.~S.
	},
    title = "{KAT-7 Science Verification: Using H I Observations of NGC 3109 to Understand its Kinematics and Mass Distribution}",
  journal = {AJ},
archivePrefix = "arXiv",
   eprint = {1306.3227},
 primaryClass = "astro-ph.CO",
 keywords = {dark matter, galaxies: halos, galaxies: individual: NGC 3109, galaxies: kinematics and dynamics, techniques: interferometric},
     year = 2013,
    month = sep,
   volume = 146,
      eid = {48},
    pages = {48},
      doi = {10.1088/0004-6256/146/3/48},
   adsurl = {http://adsabs.harvard.edu/abs/2013AJ....146...48C},
  adsnote = {Provided by the SAO/NASA Astrophysics Data System}
}



@Article{caswell98,
author = {{Caswell}, J.~L.},
title = "{Positions of hydroxyl masers at 1665 and 1667 MHz}",
journal = {MNRAS},
year = 1998,
month = jun,
volume = 297,
pages = {215-235}
}

@Article{caswell14,
author = {{Caswell}, J.~L. and {Green}, J.~A. and {Phillips}, C.~J.},
title = "{Parkes full polarization spectra of OH masers - II. Galactic longitudes $240{\degr}$ to $350{\degr}$}",
journal = {MNRAS},
year = 2014,
month = apr,
volume = 439,
pages = {1680-1739}
}


@Article{christiansen,
author = {Christiansen, W.~N. and Frater, R.~H. and Watkinson, A. and O'Sullivan, J.~D. and Lockhart, I.~A. },
title = {Observations of 15 southern extragalactic sources with the {F}leurs synthesis telescope},
journal = {MNRAS},
year = 1977,
volume = 181,
pages = {183-202}
}

@Article{curran,
author = {Curran, P.~A. and Coriat, M. and Miller-Jones, J.~C.~A. and 
Armstrong, R.~P. and Edwards, P.~G. and Sivakoff, G.~R. and 
Woudt, P. and Altamirano, D. and Belloni, T.~M. and Corbel, S. and 
Fender, R.~P. and K\"ording, E.~G. and Krimm, H.~A. and 
Markoff, S. and Migliari, S. and Russell, D.~M. and Stevens, J. and 
Tzioumis, T.},
title = {The evolving polarized jet of black hole candidate Swift J1745-26},
journal = {MNRAS},
year = 2014,
month = feb,
volume = 437,
pages = {3265-3273}
}


@Article{deller,
author = {{Deller}, A.~T. and {Tingay}, S.~J. and {Bailes}, M. and {West}, C.	},
title = "{DiFX: A Software Correlator for Very Long Baseline Interferometry Using Multiprocessor Computing Environments}",
journal = {PASP},
year = 2007,
month = mar,
volume = 119,
pages = {318-336}
}
  
@INPROCEEDINGS{gaylard,
author = {{Gaylard}, M.~J. and {Bietenholz}, M.~F. and {Combrinck}, L. and {Booth}, R.~S. and {Buchner}, S.~J. and {Fanaroff}, B.~L. and {MacLeod}, G.~C. and {Nicolson}, G.~D. and {Quick}, J.~F.~H. and {Stronkhorst}, P. and {Venkatasubramani}, T.~L.},
title = "{An African VLBI Network of radio telescopes}",
booktitle = {Proceedings of SAIP2011, the 56th Annual Conference of the South African Institute of Physics},
year = 2011,
pages = {473-478}
}

@Article{goedhart,
author = {{Goedhart}, S. and {Maswanganye}, J.~P. and {Gaylard}, M.~J. and {van der Walt}, D.~J.},
title = "{Periodicity in Class II methanol masers in high-mass star-forming regions}",
journal = {MNRAS},
year = 2014,
month = jan,
volume = 437,
pages = {1808-1820}
}


@Article{green,
author = {{Green}, J.~A. and {Caswell}, J.~L. and {Voronkov}, M.~A. and {McClure-Griffiths}, N.~M.},
title = "{Variability monitoring of the hydroxyl maser emission in G12.889+0.489}",
journal = {MNRAS},
year = 2012,
month = sep,
volume = 425,
pages = {1504-1510}
}

@ARTICLE{hess,
   author = {{Hess}, K.~M. and {Jarrett}, T.~H. and {Carignan}, C. and {Passmoor}, S.~S. and 
	{Goedhart}, S.},
    title = "{KAT-7 science verification: cold gas, star formation, and substructure in the nearby Antlia Cluster}",
  journal = {MNRAS},
     year = 2015,
    month = sep,
   volume = 452,
    pages = {1617-1636},
}

@Article{hobbs,
author = {{Hobbs}, G.~B. and {Edwards}, R.~T. and {Manchester}, R.~N.},
title = "{TEMPO2, a new pulsar-timing package - I. An overview}",
journal = {MNRAS},
year = 2006,
month = jun,
volume = 369,
pages = {655-672}
}

@Article{hotan,
author = {{Hotan}, A.~W. and {van Straten}, W. and {Manchester}, R.~N.},
title = "{PSRCHIVE and PSRFITS: An Open Approach to Radio Pulsar Data Storage and Analysis}",
journal = {PASA},
year = 2004,
volume = 21,
pages = {302-309}
}

@MASTERSTHESIS{kassaye,
author = {{Kassaye}, E.},
year = 2014,
title = "{Continuum Observation of Potential Calibrators Using KAT-7}",
school = "{African Institute of Mathematical Sciences}"
}

@INPROCEEDINGS{mcmullin,
author = {{McMullin}, J.~P. and {Waters}, B. and {Schiebel}, D. and {Young}, W. and {Golap}, K.},
title = "{CASA Architecture and Applications}",
booktitle = {Astronomical Data Analysis Software and Systems XVI},
year = 2007,
series = {Astronomical Society of the Pacific Conference Series},
volume = 376,
editor = {{Shaw}, R.~A. and {Hill}, F. and {Bell}, D.~J.},
month = oct,
pages = {127}
}

@InBook{olver,
author={{Olver}, A.~D. and {Clarricoats}, P.~J.~B and {Kishk}, A.~A. and {Shafai}, L.},
title={Microwave horns and feeds},
year=1994,
publisher={IEE Electromagnetic Wave Series 39}
}



@INPROCEEDINGS{oozeer,
author = {{Oozeer},N.},
booktitle = {High Energy Astrophysics in Southern Africa 2014: A multi-frequency
perspective of new frontiers in High Energy Astrophysics in Southern
Africa},
year = 2014
}

@Article{parsons,
author={Parsons, A.~R. and Backer, D.~C. and Foster, G.~S. and Wright, M.~C.~H. and Bradley, R.~F. and Gugliucci, N.~E. and Parashare, C.~R. and Benoit, E.~E. and Aguirre, J.~E. and Jacobs, D.~C. and Carilli, C.~L and Herne, D. and Lynch, M.~J. and Manley, J.~R. and Werthimer, D.~J.},
title={The Precision Array for Probing the Epoch of Re-ionization: Eight Station Results},
journal={AJ},
volume={139},
number={4},
pages={1468},
year={2010},
}

@Article{perley,
author = {{Perley}, R.~A. and {Butler}, B.~J.},
title = "{An Accurate Flux Density Scale from 1 to 50 GHz}",
journal = {ApJS},
year = 2013,
month = feb,
volume = 204,
pages = {19}
}

@Article{riseley,
author = {{Riseley}, C.~J. and {Scaife}, A.~M.~M. and {Oozeer}, N. and {Magnus}, L. and {Wise}, M. W.},
title = "{Early science with the Karoo Array Telescope: a mini-halo candidate in galaxy cluster Abell 3667}",
journal = {MNRAS},
year = 2015,
volume = 477,
month = feb,
pages = {1895-1910}
}

@InBook{rudge,
author = {{Rudge}, A.~W. and {Milne}, K. and {Olver}, A.~D. and {Knight} P.},
title = "{The Handbook of Antenna Design}",
volume = 1, 
chapter = 4,
publisher = {Peter Peregrinus},
year = 1982
}

@TechReport{rupen,
author = {M.P. Rupen},
title = {{VLA} Test memorandum 202},
institution = {NRAO},
year = 1997
}

@Article{scott,
author = {{Scott}, P.~F. and {Ryle}, M.},
journal = {MNRAS},
title = "{A rapid method for measuring the figure of a radio telescope reflector}",
year = 1977,
month = mar,
volume = 178,
pages = {539-545}
}



@Article{sevenster,
author = {{Sevenster}, M.~N. and {Chapman}, J.~M. and {Habing}, H.~J. and {Killeen}, N.~E.~B. and {Lindqvist}, M.},
title = "{The ATCA/VLA OH 1612 MHz survey. I. Observations of the galactic bulge Region}",
journal = {AAPS},
year = 1997,
month = apr,
volume = 122,
pages = {79-93}
}

@TechReport{strawman,
author = {{USSKA Consortium}},
title = "{SKA memo 18, Large N - Small D}",
institution = {SKA},
year = 2002
}

@Article{wardle,
author = {{Wardle}, M. and {Yusef-Zadeh}, F.},
title = "{Supernova Remnant OH Masers: Signposts of Cosmic Collision}",
journal = {Science},
year = 2002,
month = jun,
volume = 296,
pages = {2350-2354}
}
